 @inbook{carrasco-casado_denisenko,
  author    = {Carrasco-Casado, Alberto and Denisenko, Natalia and Fernández, Verónica},
  booktitle = {Optical Wireless Communications},
  pages     = {589-607},
  title     = {Chapter 27: Free-space quantum key distribution}
}

 @phdthesis{marksteiner_2014,
  author = {Marksteiner, Stefan},
  title  = {An approach to securing IPsec with Quantum Key Distribution (QKD) using the AIT QKD software},
  year   = {2014}
}
